
@book{CPH,
    title={Competitive Programmer’s Handbook},
    author={A. Laaksonen},
    year={2018},
    url={https://cses.fi/book/book.pdf},
    urldate={2022-11-03},
}

@book{opik,
    title={Eriotstarbelised puud},
    author={T. Tennisberg},
    year={2018},
    url={http://www.targotennisberg.com/eio/VP/vp_ptk9_eriotstarbelised_puud.pdf},
    urldate={2022-12-03},
}


@online{EMaxx,
    title={Segment Tree},
    % Siin kontekstis veebilehe nimi. topelt {} vajalikud!
    author={{Algorithms for Competitive Programming}},
    url={https://cp-algorithms.com/data_structures/segment_tree.html},
    urldate={2022-10-22},
}

@online{graaf,
    title={Graaf},
    author={{Vikipeedia}},
    shorttitle={\textit{s.v.} Graaf},
    url={https://et.wikipedia.org/wiki/Graaf},
    urldate={2022-10-05},
}

@online{puu,
    title={Puu (graafiteooria)},
    author={{Vikipeedia}},
    shorttitle={\textit{s.v.} Puu (graafiteooria)},
    url={https://et.wikipedia.org/wiki/Puu_(graafiteooria)},
    urldate={2022-10-09},
}

@article{cfpuu,
    title={Efficient and easy segment trees},
    author={O. Bacherikov},
    %year={1946},
    url={https://codeforces.com/blog/entry/18051},
    urldate={2022-11-01},
}

@online{timecomplexity,
    title={Time Complexity},
    % Siin kontekstis veebilehe nimi. topelt {} vajalikud!
    author={{USACO Guide}},
    url={https://usaco.guide/bronze/time-comp?lang=cpp},
    urldate={2022-11-09},
}

@online{usaco,
    title={Range Queries},
    % Siin kontekstis veebilehe nimi. topelt {} vajalikud!
    author={{USACO Guide}},
    url={https://usaco.guide/plat},
    urldate={2022-11-09},
}


@article{pragmas,
    title={GCC Optimization Pragmas},
    author={K. Huang},
    %year={1946},
    url={https://codeforces.com/blog/entry/96344},
    urldate={2022-10-14},
}

@article{problemsetting,
    title={On problemsetting},
    author={A. Trygub},
    %year={1946},
    url={https://codeforces.com/blog/entry/70178},
    urldate={2022-12-19},
}

@online{ITS,
    title={[ITS] IT terministandardi sõnastik},
    % Siin kontekstis veebilehe nimi. topelt {} vajalikud!
    author={{Eesti Keele Instituut}},
    url={http://www.eki.ee/dict/its/},
    urldate={2022-11-20},
}

@online{usaco2,
    title={Data Types},
    % Siin kontekstis veebilehe nimi. topelt {} vajalikud!
    author={{USACO Guide}},
    url={https://usaco.guide/general/data-types?lang=cpp},
    urldate={2022-11-20},
}


@online{cohen,
    title={HW5:Level-order Traversal},
    % Siin kontekstis veebilehe nimi. topelt {} vajalikud!
    author={J. Cohen},
    url={https://josephpcohen.com/teaching/cs210/hw5/},
    urldate={2022-11-20},
}

@online{nikos,
    title={Jooksutamisaja määramine},
    % Siin kontekstis veebilehe nimi. topelt {} vajalikud!
    author={N. Athanasiou},
    url={http://coliru.stacked-crooked.com/a/9fb0a89a30cefeff},
    urldate={2022-11-21},
}

@online{cascade,
    title={Fractional cascading},
    author={{Vikipeedia}},
    shorttitle={\textit{s.v.} Fractional cascading},
    url={https://en.wikipedia.org/wiki/Fractional_cascading},
    urldate={2022-10-05},
}

@online{height,
    title={Fall 2020, CS 216 lecture notes},
    % Siin kontekstis veebilehe nimi. topelt {} vajalikud!
    author={{Gettysburg College}},
    url={http://www.cs.gettysburg.edu/~ilinkin/courses/Fall-2020/cs216/notes/bintree.pdf},
    urldate={2022-12-20},
}

@online{brown,
    title={CS 252 computational geometry lecture notes},
    % Siin kontekstis veebilehe nimi. topelt {} vajalikud!
    author={R. Tamassia},
    url={https://cs.brown.edu/courses/cs252/misc/resources/lectures/pdf/notes08.pdf},
    urldate={2022-12-26},
}

@online{hotel,
    title={Hotel Queries},
    % Siin kontekstis veebilehe nimi. topelt {} vajalikud!
    author={CSES},
    url={https://cses.fi/problemset/task/1143},
    urldate={2022-12-25},
}

@online{load,
    title={Load Balancing},
    % Siin kontekstis veebilehe nimi. topelt {} vajalikud!
    author={Brian Dean},
    url={http://www.usaco.org/index.php?page=viewproblem2&cpid=617},
    urldate={2022-10-25},
}

@article{fast1,
    title={sync\_with\_stdio},
    author={{C++}},
    %year={1946},
    url={https://en.cppreference.com/w/cpp/io/ios_base/sync_with_stdio},
    urldate={2022-10-14},
}

@article{fast2,
    title={.tie()},
    author={{C++}},
    %year={1946},
    url={https://cplusplus.com/reference/ios/ios/tie/},
    urldate={2022-10-14},
}

@online{forest,
    title={Forest Queries},
    % Siin kontekstis veebilehe nimi. topelt {} vajalikud!
    author={CSES},
    url={https://cses.fi/problemset/task/1652},
    urldate={2022-12-25},
}

@online{min,
    title={Dynamic Range Minimum Queries},
    author={CSES},
    url={https://cses.fi/problemset/task/1647},
    urldate={2022-12-25},
}

@online{sum,
    title={Dynamic Range Sum Queries},
    author={CSES},
    url={https://cses.fi/problemset/task/1648},
    urldate={2022-12-25},
}

@online{update,
    title={Range Update Queries},
    author={CSES},
    url={https://cses.fi/problemset/task/1651},
    urldate={2022-12-25},
}

@online{div,
    title={Subarray Divisibility},
    author={CSES},
    url={https://cses.fi/problemset/task/1662},
    urldate={2022-12-25},
}

@online{sums,
    title={Subarray Sums II},
    author={CSES},
    url={https://cses.fi/problemset/task/1661},
    urldate={2022-12-25},
}



@online{list,
    title={List Removals},
    author={CSES},
    url={https://cses.fi/problemset/task/1749},
    urldate={2022-12-25},
}

@online{salary,
    title={Salary Queries},
    author={CSES},
    url={https://cses.fi/problemset/task/1144},
    urldate={2022-12-25},
}

@online{knight,
    title={Knight Tournament},
    author={Codeforces},
    url={https://codeforces.com/problemset/problem/356/A},
    urldate={2022-12-25},
}

@online{knight2,
    title={Knight Tournament lahendus},
    author={Codechef},
    url={https://discuss.codechef.com/t/need-help-with-a-segment-tree-problem-knight-tournament/48506},
    urldate={2022-12-25},
}

@online{kq,
    title={KQUERY},
    author={SPOJ},
    url={https://www.spoj.com/problems/KQUERY},
    urldate={2022-12-25},
}

@online{kq2,
    title={KQUERY lahendus},
    author={Codeforces},
    url={https://codeforces.com/blog/entry/10183},
    urldate={2022-12-25},
}


@online{dzy,
    title={DZY Loves Fibonacci Numbers},
    author={Codeforces},
    url={https://codeforces.com/contest/446/problem/C},
    urldate={2022-12-25},
}

@online{dzy2,
    title={DZY Loves Fibonacci Numbers lahendus},
    author={Zheye Deng},
    url={https://codeforces.com/blog/entry/13036},
    urldate={2022-12-25},
}

@online{deda,
    title={Deda},
    author={COCI},
    url={https://oj.uz/problem/view/COCI17_deda},
    urldate={2022-12-25},
}

@online{deda2,
    title={Deda lahendus},
    author={Luka Kalinovčić},
    url={https://hsin.hr/coci/archive/2017_2018},
    urldate={2022-12-25},
}

@online{unt,
    title={The Untended Antiquity},
    author={Codeforces},
    url={https://codeforces.com/problemset/problem/869/E},
    urldate={2022-12-25},
}

@online{unt2,
    title={The Untended Antiquity lahendus},
    author={Weihao Zhu},
    url={https://codeforces.com/blog/entry/55009},
    urldate={2022-12-25},
}

@online{inc,
    title={Increasing Subsequence II},
    author={CSES},
    url={https://cses.fi/problemset/task/1748},
    urldate={2022-12-25},
}

@online{inc2,
    title={Increasing Subsequence II lahendus},
    author={Benjamin Qi, Óscar Garries, Timothy Gao},
    url={https://usaco.guide/problems/cses-1748-increasing-subsequence-ii/solution},
    urldate={2022-12-25},
}


@online{semin,
    title={Segment tree for the minimum},
    author={{Codeforces EDU}},
    url={https://codeforces.com/edu/course/2/lesson/4/1/practice/contest/273169/problem/B},
    urldate={2022-12-25},
}

@online{minseg,
    title={Number of minimums on segment},
    author={{Codeforces EDU}},
    url={https://codeforces.com/edu/course/2/lesson/4/1/practice/contest/273169/problem/C},
    urldate={2022-12-25},
}
@online{neseg,
    title={Nested segments},
    author={{Codeforces EDU}},
    url={https://codeforces.com/edu/course/2/lesson/4/3/practice/contest/274545/problem/C},
    urldate={2022-12-25},
}
@online{inseg,
    title={Intersecting segments},
    author={{Codeforces EDU}},
    url={https://codeforces.com/edu/course/2/lesson/4/3/practice/contest/274545/problem/D},
    urldate={2022-12-25},
}


@online{1,
title={Dynamic Range Minimum Queries},
author={CSES},
url={https://cses.fi/problemset/task/1649},
urldate={2023-04-02},
}

@online{2,
title={Segment tree for the minimum},
author={{Codeforces EDU}},
url={https://codeforces.com/edu/course/2/lesson/4/1/practice/contest/273169/problem/B},
urldate={2023-04-02},
}

@online{3,
title={Dynamic Range Sum Queries},
author={CSES},
url={https://cses.fi/problemset/task/1648},
urldate={2023-04-02},
}

@online{4,
title={Range Update Queries},
author={CSES},
url={https://cses.fi/problemset/task/1651},
urldate={2023-04-02},
}

@online{5,
title={Number of minimums on a segment},
author={{Codeforces EDU}},
url={https://codeforces.com/edu/course/2/lesson/4/1/practice/contest/273169/problem/C},
urldate={2023-04-02},
}

@online{6,
title={Applying max to segment},
author={{Codeforces EDU}},
url={https://codeforces.com/edu/course/2/lesson/5/1/practice/contest/279634/problem/B},
urldate={2023-04-02},
}

@online{7,
title={Nested Segments},
author={{Codeforces EDU}},
url={https://codeforces.com/edu/course/2/lesson/4/3/practice/contest/274545/problem/C},
urldate={2023-04-02},
}

@online{8,
title={Intersecting Segments},
author={{Codeforces EDU}},
url={https://codeforces.com/edu/course/2/lesson/4/3/practice/contest/274545/problem/D},
urldate={2023-04-02},
}

@online{9,
title={Segment with the maximum sum},
author={{Codeforces EDU}},
url={https://codeforces.com/edu/course/2/lesson/4/2/practice/contest/273278/problem/A},
urldate={2023-04-02},
}

@online{10,
title={Eesti Informaatikaolümpiaadi avaleht},
author={EIO},
url={http://eio.ee/},
urldate={2023-04-02},
}

@online{11,
title={Counting Haybales},
author={USACO},
url={http://www.usaco.org/index.php?page=viewproblem2&cpid=578},
urldate={2023-04-02},
}

@online{12,
title={Cards},
author={Szkopuł},
url={https://szkopul.edu.pl/problemset/problem/qpsk3ygf8MU7D_1Es0oc_xd8/site/?key=statement},
urldate={2023-04-02},
}

@online{13,
title={Subtree Queries},
author={CSES},
url={https://cses.fi/problemset/task/1137},
urldate={2022-12-25},
}

@online{14,
title={K-th one},
author={{Codeforces EDU}},
url={https://codeforces.com/edu/course/2/lesson/4/2/practice/contest/273278/problem/B},
urldate={2022-12-25},
}

@online{14.1,
title={First element at least X},
author={{Codeforces EDU}},
url={https://codeforces.com/edu/course/2/lesson/4/2/practice/contest/273278/problem/C},
urldate={2022-12-25},
}

@online{15,
title={Subarray Divisibility},
author={{CSES Problemset}},
url={https://cses.fi/problemset/task/1662},
urldate={2022-12-25},
}

@online{16,
title={Subarray Sums II},
author={{CSES Problemset}},
url={https://cses.fi/problemset/task/1661},
urldate={2022-12-25},
}

@online{17,
title={Multiple of 2019},
author={AtCoder},
url={https://atcoder.jp/contests/abc164/tasks/abc164_d},
urldate={2022-12-25},
}

@online{18,
title={Forest Queries},
author={{CSES Problemset}},
url={https://cses.fi/problemset/task/1652},
urldate={2022-12-25},
}

@online{19,
title={Cow Hopscotch},
author={USACO},
url={http://www.usaco.org/index.php?cpid=532&page=viewproblem2},
urldate={2022-12-25},
}

@online{20,
title={Mega Inversions},
author={Kattis},
url={https://open.kattis.com/problems/megainversions},
urldate={2022-12-25},
}

@online{21,
title={Why Did the Cow Cross the Road III},
author={USACO},
url={http://www.usaco.org/index.php?page=viewproblem2&cpid=719},
urldate={2022-12-25},
}

@online{22,
title={List Removals},
author={{CSES Problemset}},
url={https://cses.fi/problemset/task/1749},
urldate={2022-12-25},
}

@online{23,
title={Salary Queries},
author={{CSES Problemset}},
url={https://cses.fi/problemset/task/1144},
urldate={2022-12-25},
}

@online{24,
title={Inversions},
author={{Codeforces EDU}},
url={https://codeforces.com/edu/course/2/lesson/4/3/practice/contest/274545/problem/A},
urldate={2022-12-25},
}

@online{25,
title={Balanced Photo},
author={USACO},
url={http://www.usaco.org/index.php?page=viewproblem2&cpid=693},
urldate={2022-12-25},
}

@online{26,
title={Haircut},
author={USACO},
url={http://www.usaco.org/index.php?page=viewproblem2&cpid=1041},
urldate={2022-12-25},
}

@online{27,
title={Sleepy Cow Sorting},
author={USACO},
url={http://www.usaco.org/index.php?page=viewproblem2&cpid=898},
urldate={2022-12-25},
}

@online{AC,
title={AtCoderi algoritmide teek},
author={AtCoder},
url={https://atcoder.github.io/ac-library/production/document_en/segtree.html},
urldate={2022-12-25},
}





